% This file was created with JabRef 2.7b.
% Encoding: UTF-8

@book{bastard1992,
  title = {Fundamentals of Quantum Mechanics: For Solid State Electronics and Optics},
  publisher = {Cambridge University Press},
  year = {2009},
  author = {C. L. Tang}
}

@BOOK{butcher2008,
  title = {Numerical Methods for Ordinary Differential Equations},
  publisher = {John Wiley \& Sons, Chichester, United Kingdom},
  year = {2008},
  author = {Butcher, John C.}
}

@BOOK{davidson2005,
  title = {Computational Electromagnetics for RF and Microwave Engineering},
  publisher = {Cambridge University Press, Cambridge, United Kingdom},
  year = {2005},
  author = {Davidson, David B.}
}

@ARTICLE{dupont2010,
  author = {Dupont, E. and Fathololoumi, S. and Liu, H. C.},
  title = {Simplified density-matrix model applied to three-well terahertz quantum
	cascade lasers},
  journal = {Phys. Rev. B},
  year = {2010},
  volume = {81},
  pages = {205311},
  number = {20},
  month = {May},
  doi = {10.1103/PhysRevB.81.205311},
  numpages = {18},
  publisher = {American Physical Society}
}

@ARTICLE{faist1994,
  author = {Faist, Jerome and Capasso, Federico and Sivco, Deborah L and Sirtori,
	Carlo and Hutchinson, Albert L and Cho, Alfred Y},
  title = {Quantum cascade laser},
  journal = {Science},
  year = {1994},
  volume = {264},
  pages = {553--556},
  number = {5158},
  month = {Apr},
  publisher = {American Association for the Advancement of Science}
}

@ARTICLE{fathololoumi2012,
  author = {S. Fathololoumi and E. Dupont and C.W.I. Chan and Z.R. Wasilewski
	and S.R. Laframboise and D. Ban and A. M\'{a}ty\'{a}s and C. Jirauschek
	and Q. Hu and H. C. Liu},
  title = {Terahertz quantum cascade lasers operating up to $\sim$ 200 K with
	optimized oscillator strength and improved injection tunneling},
  journal = {Opt. Express},
  year = {2012},
  volume = {20},
  pages = {3866--3876},
  number = {4},
  month = {Feb},
  doi = {10.1364/OE.20.003866},
  publisher = {OSA}
}

@ARTICLE{freeman2013,
  author = {Freeman, Joshua R. and Maysonnave, Jean and Khanna, Suraj and Linfield,
	Edmund H. and Davies, A. Giles and Dhillon, Sukhdeep S. and Tignon,
	J\'er\^ome},
  title = {Laser-seeding dynamics with few-cycle pulses: Maxwell-Bloch finite-difference
	time-domain simulations of terahertz quantum cascade lasers},
  journal = {Phys. Rev. A},
  year = {2013},
  volume = {87},
  pages = {063817},
  number = {6},
  month = {Jun},
  doi = {10.1103/PhysRevA.87.063817},
  numpages = {6},
  publisher = {American Physical Society}
}

@ARTICLE{gellie2010,
  author = {Pierre Gellie and Stefano Barbieri and Jean-Fran\c{c}ois Lampin and
	Pascal Filloux and Christophe Manquest and Carlo Sirtori and Isabelle
	Sagnes and Suraj P. Khanna and Edmund H. Linfield and A. Giles Davies
	and Harvey Beere and David Ritchie},
  title = {Injection-locking of terahertz quantum cascade lasers up to 35GHz
	using RF amplitude modulation},
  journal = {Opt. Express},
  year = {2010},
  volume = {18},
  pages = {20799--20816},
  number = {20},
  month = {Sep},
  doi = {10.1364/OE.18.020799},
  publisher = {OSA}
}

@ARTICLE{gkortsas2010,
  author = {V.-M. Gkortsas and C. Wang and L. Kuznetsova and L. Diehl and A.
	Gordon and C. Jirauschek and M. A. Belkin and A. Belyanin and F.
	Capasso and F. X. K\"{a}rtner},
  title = {Dynamics of actively mode-locked Quantum Cascade Lasers},
  journal = {Opt. Express},
  year = {2010},
  volume = {18},
  pages = {13616--13630},
  number = {13},
  month = {Jun},
  doi = {10.1364/OE.18.013616},
  publisher = {OSA}
}

@BOOK{hairer1987,
  title = {Solving Ordinary Differential Equations I},
  publisher = {Springer-Verlag, Berlin/Heidelberg, Germany},
  year = {1987},
  author = {Hairer, Ernst and Nørsett, Syvert Paul and Wanner, Gerhard}
}

@ARTICLE{hugi2012,
  author = {Hugi, Andreas and Villares, Gustavo and Blaser, Stephane and Liu,
	H. C. and Faist, Jerome},
  title = {Mid-infrared frequency comb based on a quantum cascade laser},
  journal = {Nature},
  year = {2012},
  volume = {492},
  pages = {229--233},
  number = {7428},
  month = {Dec},
  publisher = {Nature Publishing Group}
}

@ARTICLE{jirauschek2014,
  author = {C. L. Tang},
  title = {Fundamentals of Quantum Mechanics},
  journal = {Appl. Phys. Rev. 1},
  year = {2009},
  volume = {1},
  pages = {011307},
  number = {1},
  month = {Mar},
  doi = {10.1063/1.4863665},
  publisher = {American Physical Society}
}

@ARTICLE{kazarinov1971,
  author = {Kazarinov, Rudolf F. and Suris, Robert A.},
  title = {Possibility of the amplification of electromagnetic waves in a semiconductor
	with a superlattice},
  journal = {Sov. Phys. Semicond.},
  year = {1971},
  volume = {5},
  pages = {797--800},
  number = {4},
  month = {Jan},
  publisher = {American Institute of Physics}
}

@ARTICLE{keilmann2004,
  author = {Fritz Keilmann and Christoph Gohle and Ronald Holzwarth},
  title = {Time-domain mid-infrared frequency-comb spectrometer},
  journal = {Opt. Lett.},
  year = {2004},
  volume = {29},
  pages = {1542--1544},
  number = {13},
  month = {Jul},
  doi = {10.1364/OL.29.001542},
  publisher = {OSA}
}

@ARTICLE{kumar2009,
  author = {Kumar, Sushil and Hu, Qing},
  title = {Coherence of resonant-tunneling transport in terahertz quantum-cascade
	lasers},
  journal = {Phys. Rev. B},
  year = {2009},
  volume = {80},
  pages = {245316},
  number = {24},
  month = {Dec},
  doi = {10.1103/PhysRevB.80.245316},
  numpages = {14},
  publisher = {American Physical Society}
}

@UNPUBLISHED{kaertner2004,
  author = {Kärtner, F. X. and Jirauschek, Christian and Capasso, F. and Soibel,
	A. and Belyanin, A. and Faist, J.},
  title = {Mode Locking of Quantum Cascade Lasers (Theory)},
  note = {Workshop in Infrared Physics, Seville, Spain},
  month = {Jan},
  year = {2004},
  owner = {michael},
  timestamp = {2016.04.26}
}

@ARTICLE{maineult2010,
  author = {Maineult, W. and Ding, L. and Gellie, P. and Filloux, P. and Sirtori,
	C. and Barbieri, S. and Akalin, T. and Lampin, J.-F. and Sagnes,
	I. and Beere, H. E. and Ritchie, D. A.},
  title = {Microwave modulation of terahertz quantum cascade lasers: a transmission-line
	approach},
  journal = {Applied Physics Letters},
  year = {2010},
  volume = {96},
  pages = {021108},
  number = {2},
  month = {Jan},
  doi = {http://dx.doi.org/10.1063/1.3284518}
}

@ARTICLE{Min2001,
  author = {M.S. Min and C.H. Teng},
  title = {The Instability of the Yee Scheme for the "Magic Time Step"},
  journal = {Journal of Computational Physics },
  year = {2001},
  volume = {166},
  pages = {418 - 424},
  number = {2},
  doi = {http://dx.doi.org/10.1006/jcph.2000.6650},
  issn = {0021-9991},
  owner = {michael},
  timestamp = {2016.04.26}
}

@ARTICLE{mueller2010,
  author = {Müller, Antoine and Faist, Jerome},
  title = {The quantum cascade laser: Ready for take-off},
  journal = {Nat. Photon.},
  year = {2010},
  volume = {4},
  pages = {291},
  number = {5},
  month = {May},
  publisher = {Nature Publishing Group}
}

@MISC{nvidia-progguide,
  author = {{NVIDIA Corporation}},
  title = {{CUDA Programming Guide}},
  howpublished = {\url{http://docs.nvidia.com/cuda/cuda-c-programming-guide/}},
  note = {Accessed: 2016-04-18}
}

@BOOK{siegman1986,
  title = {Lasers},
  publisher = {University Science Books, Mill Valley, CA, USA},
  year = {1986},
  author = {Siegman, Anthony E.}
}

@BOOK{tang2005,
  title = {Fundamentals of Quantum Mechanics},
  publisher = {Cambridge University Press, Cambridge, United Kingdom},
  year = {2005},
  author = {Tang, Chung Liang}
}

@MISC{matlab-file,
  author = {{The MathWorks, Inc.}},
  title = {{MATLAB MAT-File API}},
  howpublished = {\url{http://www.mathworks.com/help/matlab/read-and-write-matlab-mat-files-in-c-c-and-fortran.html}},
  note = {Accessed: 2016-04-19}
}

@MISC{matlab-matrix,
  author = {{The MathWorks, Inc.}},
  title = {{MATLAB C/C++ Matrix Library API}},
  howpublished = {\url{http://www.mathworks.com/help/matlab/cc-mx-matrix-library.html}},
  note = {Accessed: 2016-04-19}
}

@ARTICLE{wang2015,
  author = {Feihu Wang and Kenneth Maussang and Souad Moumdji and Raffaele Colombelli
	and Joshua R. Freeman and Iman Kundu and Lianhe Li and Edmund H.
	Linfield and A. Giles Davies and Juliette Mangeney and J\'{e}r\^{o}me
	Tignon and Sukhdeep S. Dhillon},
  title = {Generating ultrafast pulses of light from quantum cascade lasers},
  journal = {Optica},
  year = {2015},
  volume = {2},
  pages = {944--949},
  number = {11},
  month = {Nov},
  doi = {10.1364/OPTICA.2.000944},
  publisher = {OSA}
}

@ARTICLE{yee1966,
  author = {Yee, Kane},
  title = {Numerical Solution of Initial Boundary Value Problems Involving Maxwell's
	Equations in Isotropic Media},
  journal = {IEEE Transactions on Antennas and Propagation},
  year = {1966},
  volume = {14},
  pages = {302-307},
  number = {3},
  month = {May},
  doi = {10.1109/TAP.1966.1138693}
}

@BOOK{rylander2013,
  title = {Computational Electromagnetics},
  publisher = {Springer-Verlag, New York, NY, USA},
  year = {2013},
  editor = {Rylander, Thomas and Ingelström, Pär and Bondeson, Anders}
}
